2348 3892
257 405 415 466 contento
427 394 463 467 di
472 395 597 494 quello,
611 394 714 466 chela
728 395 860 467 fortuna
872 399 899 467 ti
909 397 940 468 sn
952 411 1031 492 per·

253 505 365 578 teflce.
385 506 475 575 Seno
492 507 622 591 alcuni,
641 509 653 575 i
670 505 759 600 quali
776 508 809 575 io
826 533 887 577 con
906 512 960 578 voi
976 512 1030 578 in·

252 622 353 690 nieme
362 644 459 713 poseo
467 622 685 714 giustnmente
694 619 906 712 riprendere,
915 623 1029 691 ov'essi

227 744 231 752 ’
251 739 395 806 stimmo
411 734 856 829 grendezzneamplitudine
869 735 1027 819 d'nnimo,

251 849 422 944 prendere
438 853 517 943 ogni
533 849 617 918 dura
633 849 797 920 edifficile
814 853 978 940 impresa,
995 873 1030 918 ο·

252 964 309 1056 gni
334 959 594 1032 laboriosissime
619 990 637 1033 e
660 963 887 1033 molestissima
903 987 1028 1058 opere,

251 1079 318 1168 p'er
329 1087 446 1170 potere
459 1076 545 1146 nelle
558 1102 650 1158 cose,
670 1075 732 1168 piis
745 1077 805 1143 che
821 1076 869 1168 gli
881 1074 958 1144 nitri
971 1077 1034 1143 cit·

252 1189 375 1259 radini.
396 1191 458 1258 De'
472 1190 563 1280 quali
581 1191 734 1269 nomini,
760 1210 851 1253 come
876 1186 1030 1270 ultrave,

252 1305 322 1370 cosi
334 1299 395 1368 ella
410 1299 520 1366 Terra
537 1310 652 1365 nostra
668 1301 694 1365 si
712 1311 875 1367 truornno
887 1323 954 1366 non
972 1321 1034 1389 po·

252 1412 326 1478 ehi:
342 1411 466 1501 perche
478 1411 630 1478 eresciuti
644 1411 681 1476 in
691 1411 919 1478 antichissima
930 1409 1035 1481 liber·

252 1523 286 1587 ts
302 1517 389 1588 delle
406 1522 535 1613 patria,
554 1545 571 1588 e
585 1523 771 1590 conanime
788 1534 913 1616 troppo
932 1525 1034 1619 piene

253 1630 286 1705 di
301 1630 381 1707 odio
396 1636 607 1707 acerbissimo
620 1652 738 1709 contro
753 1637 864 1730 segni
883 1639 1032 1723 tirenno,

249 1775 320 1820 non
334 1756 483 1823 contenti
496 1752 581 1822 delia
595 1779 733 1824 comune
741 1751 883 1838 liberte,
894 1752 1034 1825 verreb-

249 1861 339 1937 bono
356 1864 415 1957 pii
432 1866 492 1936 che
508 1864 553 1956 gli
572 1863 651 1932 nitri
669 1864 789 1930 liberti
807 1861 980 1934 elicenzn.
1000 1860 1033 1932 Ε

250 1991 362 2056 certo,
382 1972 599 2048 Ginnnozzo,
623 1971 676 2033 chi
694 1971 718 2033 s'
730 1970 921 2034 immetteri
939 1995 957 2035 a
973 1994 1035 2038 vo-

247 2082 319 2147 lere
334 2077 452 2143 sedere
462 2079 498 2142 in
512 2097 625 2138 mezzo
635 2072 663 2140 α’
671 2076 873 2166 magistrati,
888 2101 949 2169 per
960 2079 1034 2171 gui·

248 2184 335 2256 dere
350 2184 384 2254 le
401 2208 475 2253 cose
490 2177 695 2275 pubblirhe,
718 2206 788 2249 non
812 2208 877 2253 con
894 2186 1031 2257 volones

204 2382 207 2387 ῃ
250 2320 270 2364 e
286 2297 423 2390 ragione
434 2295 468 2362 di
483 2294 639 2361 meritare
651 2291 729 2362 inde
739 2317 758 2361 e
770 2296 881 2386 grazia
897 2295 1033 2366 de'buo·

248 2409 310 2492 ni,
334 2431 388 2473 ma
405 2429 469 2474 con
492 2407 645 2500 appetito
662 2403 884 2477 immoderato
907 2405 978 2476 solo
997 2408 1032 2478 di

249 2511 445 2612 principare
456 2515 500 2584 ed
511 2543 618 2585 essere
628 2515 805 2602 ubbidi103
821 2521 947 2602 cestui,
963 2543 1033 2587 non

249 2630 288 2698 vi
304 2651 411 2720 nego,
435 2632 508 2696 seri
531 2626 573 2694 da
590 2651 696 2694 essere
719 2626 824 2695 molto
836 2627 1031 2718 biesimet03

256 2762 297 2823 e,
325 2736 524 2819 comedite,
552 2734 751 2803 dimostreri
775 2741 808 2802 se
832 2762 939 2805 essere
962 2763 1034 2805 non
1144 2792 1155 2802 ,

251 2847 364 2925 buono
381 2845 556 2915 cittedino.
575 2845 605 2912 E
620 2847 814 2926 effermovi,
835 2846 896 2912 che
911 2847 936 2913 il
954 2871 1034 2918 vero

255 2961 423 3031 eistadino
448 2960 557 3025 amerii
578 2957 610 3026 la
632 2954 865 3050 tranquilliti‚
890 2983 942 3028 ma
965 2985 1034 3032 non

257 3071 398 3146 tanton
415 3093 470 3140 sna
487 3072 627 3166 proprie
638 3119 655 3183 3.
675 3082 798 3164 quanto
815 3070 926 3167 quelle
943 3073 1033 3170 degli
1058 3080 1060 3084 ⁴

310 3534 544 3664 ἢ
