2348 3892
230 283 293 352 ¹9²

270 361 425 449 disutile3
449 375 539 431 sotio
554 375 647 431 tante
663 365 831 454 sciagure,
856 374 944 429 sotto
961 363 1048 426 tanti

270 476 412 572 pericoli
425 475 449 543 il
462 489 617 568 ponesie,
634 477 692 542 che
708 499 740 541 se
755 473 833 540 altri
850 476 881 540 vi
900 471 1049 539 credesse
1158 464 1163 469 ’

270 590 357 671 mai,
375 613 443 656 non
460 588 521 656 che
541 612 670 655 esserne
691 588 848 668 massaio,
868 611 921 652 ma
935 587 966 651 ei
981 606 1052 649 non

256 697 322 794 .gli
342 696 509 773 vorrebbe
525 699 659 768 sedere.
675 698 708 765 'E
722 698 809 767 bene
826 699 887 766 che
903 700 937 764 io
950 719 1052 787 vegga

275 809 424 893 aedile,
443 811 480 881 in
494 809 595 884 molta
612 822 725 903 parte,
743 808 767 874 il
780 834 881 893 vero,
901 833 982 901 pure
999 810 1055 874 sti·
1168 853 1172 859 -

274 941 331 995 mo
347 917 400 986 nel
416 917 537 986 danaio
563 922 686 988 esserri
712 916 830 987 alcune
857 918 943 986 altre
966 941 1055 986 com·

276 1030 404 1097 modita
421 1057 430 1098 ι
453 1055 535 1123 pare
551 1057 569 1097 a
585 1056 638 1099 me
655 1055 723 1098 non
739 1033 807 1100 fate
822 1033 919 1099 alima
936 1032 971 1097 in
989 1055 1056 1097 una

275 1139 405 1232 piccola
428 1139 578 1210 borsetta
603 1147 752 1213 troaarri
774 1169 881 1241 pane,
908 1146 1009 1224 vino,
1036 1168 1056 1210 e

204 1299 207 1304 -
278 1258 365 1325 tutte
380 1246 413 1316 le
429 1250 648 1341 vettovaglie,
670 1255 772 1332 vesti,
792 1249 924 1333 cavalli,
943 1251 1056 1338 eogni

278 1381 354 1427 cosa
368 1358 448 1426 utile
463 1342 604 1450 portarsi
619 1362 655 1425 in
667 1383 758 1427 seno.
778 1359 836 1425 Ma
852 1359 907 1426 chi
920 1381 1057 1450 negasse

278 1467 304 1535 il
319 1466 441 1538 danaio
464 1489 533 1534 non
548 1493 656 1537 essere
680 1492 797 1537 ancora
822 1466 903 1536 utile
926 1471 964 1535 in
978 1492 1058 1559 pre-

279 1575 381 1648 starlo
404 1579 471 1674 agli
492 1580 609 1666 amici,
635 1592 761 1685 quanto
784 1577 959 1662 dicevate,
986 1579 1058 1645 ein

285 1691 488 1767 trafficarlo?
512 1774 515 1784 Ἰ

241 1805 321 1870 Gis.
336 1801 413 1873 Non
425 1805 547 1888 diss'io,
561 1802 754 1891 Adovardss,
769 1804 955 1875 tendereste
968 1799 1060 1895 qual·

287 1912 348 1982 che
362 1915 505 1983 insidia?
525 1916 583 1981 Ma
597 1919 695 2011 vinca
710 1941 804 1983 meco
821 1928 936 2006 questo
953 1923 1061 1981 costu-

175 2081 181 2088 .
286 2049 342 2099 me
352 2023 389 2092 (li
400 2027 456 2095 voi
471 2025 549 2090 altri
565 2021 722 2096 litterati,
740 2026 781 2084 ne
793 2025 840 2083 sia
852 2044 927 2083 cosa
943 2019 1065 2087 alcuna

287 2135 317 2197 ἢ
330 2130 417 2200 bene
432 2127 537 2207 detta,
556 2124 653 2221 quale
668 2124 725 2192 voi
741 2144 809 2198 non
826 2125 975 2213 sappiate
992 2148 1066 2191 mo-

289 2247 396 2305 strare
411 2256 517 2304 essere
533 2227 618 2297 male
636 2228 750 2317 detta3
767 2233 809 2298 ni
822 2232 856 2301 io
874 2233 961 2301 sarsi
976 2234 1064 2303 suffi-

293 2351 401 2425 ciente
418 2341 542 2416 volerla
559 2367 622 2412 con
638 2346 693 2412 voi
710 2345 857 2413 vincere.

245 2456 335 2530 'Asia
353 2455 455 2530 Certo
472 2479 539 2529 non
556 2451 600 2521 ad
616 2453 703 2527 altro
728 2454 794 2523 fine
811 2480 853 2525 ve
869 2480 912 2525 ne
928 2455 1065 2525 doman-

293 2565 360 2653 do,
385 2591 419 2635 se
434 2588 501 2633 non
515 2589 577 2665 per
599 2562 765 2661 imperare
779 2565 822 2635 da
838 2569 893 2638 voi
918 2578 1063 2660 quanto,

295 2702 359 2777 per
371 2676 590 2745 maturissime
607 2676 776 2768 prudenza
790 2705 802 2764 ,¹
826 2681 863 2745 in
879 2690 997 2772 questo
1014 2701 1067 2745 co·

295 2815 351 2870 me
365 2786 454 2858 nelle
469 2787 555 2862 altre
570 2813 643 2858 cose
658 2803 841 2869 conoscete.

255 2906 331 2983 lio.
356 2899 423 2974 Del
445 2901 607 3006 traffieare
623 2903 635 2969 i
652 2900 789 2981 danari,
814 2895 1013 2990 risponderb
1029 2898 1071 2968 'io

302 3025 427 3113 quanto
450 3015 613 3108 compresi
634 3010 677 3086 da
699 3010 916 3092 Giannoraa.¹
931 3010 1071 3107 laogri
